@book{bertsekas2002introduction,
  title={Introduction to probability},
  author={Bertsekas, Dimitri P and Tsitsiklis, John N},
  volume={1},
  year={2002},
  publisher={Athena Scientific Belmont, MA}
}

@book{griva2009linear,
  title={Linear and Nonlinear Optimization: Second Edition},
  author={Griva, I. and Nash, S.G. and Sofer, A.},
  isbn={9780898716610},
  lccn={2008032477},
  series={Other Titles in Applied Mathematics},
  url={},
  year={2009},
  publisher={Society for Industrial and Applied Mathematics}
}

@misc{wiki:Big_M_method,
   author = "Wikipedia",
   title = "{Big M method} --- {W}ikipedia{,} The Free Encyclopedia",
   year = "2021",
   howpublished = {\url{http://en.wikipedia.org/w/index.php?title=Big\%20M\%20method&oldid=1011998353}},
   note = "[Online; accessed 22-July-2021]"
 }

 @article{DunningHuchetteLubin2017,
    author = {Iain Dunning and Joey Huchette and Miles Lubin},
    title = {JuMP: A Modeling Language for Mathematical Optimization},
    journal = {SIAM Review},
    volume = {59},
    number = {2},
    pages = {295-320},
    year = {2017},
    doi = {10.1137/15M1020575},
}

@article{bezanson2017julia,
  title={Julia: A fresh approach to numerical computing},
  author={Bezanson, Jeff and Edelman, Alan and Karpinski, Stefan and Shah, Viral B},
  journal={SIAM review},
  volume={59},
  number={1},
  pages={65--98},
  year={2017},
  publisher={SIAM},
  url={https://doi.org/10.1137/141000671}
}

@manual{mosek,
   author = "MOSEK ApS",
   title = "The MOSEK optimization toolbox. Version 9.2.",
   year = 2019,
   url = "https://www.mosek.com/documentation/"
 }