@misc{rackauckas2020universal,
    title={Universal Differential Equations for Scientific Machine Learning},
    author={Christopher Rackauckas and Yingbo Ma and Julius Martensen and Collin Warner and Kirill Zubov and Rohit Supekar and Dominic Skinner and Ali Ramadhan},
    year={2020},
    eprint={2001.04385},
    archivePrefix={arXiv},
    primaryClass={cs.LG}
}

@misc{chen2018neural,
    title={Neural Ordinary Differential Equations},
    author={Ricky T. Q. Chen and Yulia Rubanova and Jesse Bettencourt and David Duvenaud},
    year={2018},
    eprint={1806.07366},
    archivePrefix={arXiv},
    primaryClass={cs.LG}
}

@article{kingma2014adam,
  title={Adam: A method for stochastic optimization},
  author={Kingma, Diederik P and Ba, Jimmy},
  journal={arXiv preprint arXiv:1412.6980},
  year={2014}
}

@article{pontryagin1962mathematical,
  title={The mathematical theory of optimal processes},
  author={Pontryagin, Lev Semenovich and Mishchenko, EF and Boltyanskii, VG and Gamkrelidze, RV},
  year={1962},
  publisher={Wiley}
}

@book{ross2009primer,
  title={A primer on Pontryagin's principle in optimal control},
  author={Ross, I Michael},
  year={2009},
  publisher={Collegiate Publ.}
}

@article{cao2003adjoint,
  title={Adjoint sensitivity analysis for differential-algebraic equations: The adjoint DAE system and its numerical solution},
  author={Cao, Yang and Li, Shengtai and Petzold, Linda and Serban, Radu},
  journal={SIAM journal on scientific computing},
  volume={24},
  number={3},
  pages={1076--1089},
  year={2003},
  publisher={SIAM}
}

@article{calver2017numerical,
  title={Numerical methods for computing sensitivities for ODEs and DDEs},
  author={Calver, Jonathan and Enright, Wayne},
  journal={Numerical Algorithms},
  volume={74},
  number={4},
  pages={1101--1117},
  year={2017},
  publisher={Springer}
}

@article{DBLP:journals/corr/abs-1011-0686,
  author    = {St{\'{e}}phane Ross and
               Geoffrey J. Gordon and
               J. Andrew Bagnell},
  title     = {No-Regret Reductions for Imitation Learning and Structured Prediction},
  journal   = {CoRR},
  volume    = {abs/1011.0686},
  year      = {2010},
  url       = {http://arxiv.org/abs/1011.0686},
  archivePrefix = {arXiv},
  eprint    = {1011.0686},
  timestamp = {Mon, 13 Aug 2018 16:45:56 +0200},
  biburl    = {https://dblp.org/rec/journals/corr/abs-1011-0686.bib},
  bibsource = {dblp computer science bibliography, https://dblp.org}
}

@article{kelly2017introduction,
  title={An introduction to trajectory optimization: How to do your own direct collocation},
  author={Kelly, Matthew},
  journal={SIAM Review},
  volume={59},
  number={4},
  pages={849--904},
  year={2017},
  publisher={SIAM}
}

@article{clevert2015fast,
  title={Fast and accurate deep network learning by exponential linear units (elus)},
  author={Clevert, Djork-Arn{\'e} and Unterthiner, Thomas and Hochreiter, Sepp},
  journal={arXiv preprint arXiv:1511.07289},
  year={2015}
}


@article{shiriaev2009transverse,
  title={Transverse linearization for impulsive mechanical systems with one passive link},
  author={Shiriaev, Anton S and Freidovich, Leonid B},
  journal={IEEE Transactions on Automatic Control},
  volume={54},
  number={12},
  pages={2882--2888},
  year={2009},
  publisher={IEEE}
}

@article{manchester2010transverse,
  title={Transverse dynamics and regions of stability for nonlinear hybrid limit cycles},
  author={Manchester, Ian R},
  journal={arXiv preprint arXiv:1010.2241},
  year={2010}
}

@article{ortega2002stabilization,
  title={Stabilization of a class of underactuated mechanical systems via interconnection and damping assignment},
  author={Ortega, Romeo and Spong, Mark W and G{\'o}mez-Estern, Fabio and Blankenstein, Guido},
  journal={IEEE transactions on automatic control},
  volume={47},
  number={8},
  pages={1218--1233},
  year={2002},
  publisher={IEEE}
}


@book{van2000l2,
  title={L2-gain and passivity techniques in nonlinear control},
  author={Van Der Schaft, Arjan},
  volume={2},
  year={2000},
  publisher={Springer}
}


@book{bullo2019geometric,
  title={Geometric Control of Mechanical Systems: Modeling, Analysis, and Design for Simple Mechanical Control Systems},
  author={Bullo, F. and Lewis, A.D.},
  isbn={9781489972767},
  series={Texts in Applied Mathematics},
  url={},
  year={2019},
  publisher={Springer New York}
}


@misc{conway2002practical,
  title={Practical Methods for Optimal Control Using Nonlinear Programming},
  author={Conway, Bruce},
  year={2002},
  publisher={JSTOR}
}


@article{shiriaev2005constructive,
  title={Constructive tool for orbital stabilization of underactuated nonlinear systems: Virtual constraints approach},
  author={Shiriaev, Anton and Perram, John W and Canudas-de-Wit, Carlos},
  journal={IEEE Transactions on Automatic Control},
  volume={50},
  number={8},
  pages={1164--1176},
  year={2005},
  publisher={IEEE}
}
@inproceedings{furuta1991swing,
  title={Swing up control of inverted pendulum},
  author={Furuta, Katsuhisa and Yamakita, Masaki and Kobayashi, Seiichi},
  booktitle={IECON},
  volume={91},
  pages={2193--2198},
  year={1991}
}

@inproceedings{deisenroth2011pilco,
  title={PILCO: A model-based and data-efficient approach to policy search},
  author={Deisenroth, Marc and Rasmussen, Carl E},
  booktitle={Proceedings of the 28th International Conference on machine learning (ICML-11)},
  pages={465--472},
  year={2011}
}


@article{zhong2019symplectic,
  title={Symplectic ODE-Net: Learning Hamiltonian Dynamics with Control},
  author={Zhong, Yaofeng Desmond and Dey, Biswadip and Chakraborty, Amit},
  journal={arXiv preprint arXiv:1909.12077},
  year={2019}
}


@article{lillicrap2015continuous,
  title={Continuous control with deep reinforcement learning},
  author={Lillicrap, Timothy P and Hunt, Jonathan J and Pritzel, Alexander and Heess, Nicolas and Erez, Tom and Tassa, Yuval and Silver, David and Wierstra, Daan},
  journal={arXiv preprint arXiv:1509.02971},
  year={2015}
}


@book{sutton2018reinforcement,
  title={Reinforcement learning: An introduction},
  author={Sutton, Richard S and Barto, Andrew G},
  year={2018},
  publisher={MIT press}
}

@article{heess2017emergence,
  title={Emergence of locomotion behaviours in rich environments},
  author={Heess, Nicolas and TB, Dhruva and Sriram, Srinivasan and Lemmon, Jay and Merel, Josh and Wayne, Greg and Tassa, Yuval and Erez, Tom and Wang, Ziyu and Eslami, SM and others},
  journal={arXiv preprint arXiv:1707.02286},
  year={2017}
}

@article{andrychowicz2020learning,
  title={Learning dexterous in-hand manipulation},
  author={Andrychowicz, OpenAI: Marcin and Baker, Bowen and Chociej, Maciek and Jozefowicz, Rafal and McGrew, Bob and Pachocki, Jakub and Petron, Arthur and Plappert, Matthias and Powell, Glenn and Ray, Alex and others},
  journal={The International Journal of Robotics Research},
  volume={39},
  number={1},
  pages={3--20},
  year={2020},
  publisher={SAGE Publications Sage UK: London, England}
}

@article{mori1976control,
  title={Control of unstable mechanical system control of pendulum},
  author={Mori, Shozo and Nishihara, Hiroyoshi and Furuta, Katsuhisa},
  journal={International Journal of Control},
  volume={23},
  number={5},
  pages={673--692},
  year={1976},
  publisher={Taylor \& Francis}
}

@article{park2009swing,
  title={Swing-up and stabilization control of inverted-pendulum systems via coupled sliding-mode control method},
  author={Park, Mun-Soo and Chwa, Dongkyoung},
  journal={IEEE transactions on industrial electronics},
  volume={56},
  number={9},
  pages={3541--3555},
  year={2009},
  publisher={IEEE}
}

@article{mason2008time,
  title={Time optimal swing-up of the planar pendulum},
  author={Mason, Paolo and Broucke, Mireille and Piccoli, Benedetto},
  journal={IEEE Transactions on Automatic Control},
  volume={53},
  number={8},
  pages={1876--1886},
  year={2008},
  publisher={IEEE}
}

@article{aastrom2000swinging,
  title={Swinging up a pendulum by energy control},
  author={{\AA}str{\"o}m, Karl Johan and Furuta, Katsuhisa},
  journal={Automatica},
  volume={36},
  number={2},
  pages={287--295},
  year={2000},
  publisher={Elsevier}
}

@article{Flux.jl-2018,
  author    = {Michael Innes and
               Elliot Saba and
               Keno Fischer and
               Dhairya Gandhi and
               Marco Concetto Rudilosso and
               Neethu Mariya Joy and
               Tejan Karmali and
               Avik Pal and
               Viral Shah},
  title     = {Fashionable Modelling with Flux},
  journal   = {CoRR},
  volume    = {abs/1811.01457},
  year      = {2018},
  url       = {http://arxiv.org/abs/1811.01457},
  archivePrefix = {arXiv},
  eprint    = {1811.01457},
  timestamp = {Thu, 22 Nov 2018 17:58:30 +0100},
  biburl    = {https://dblp.org/rec/bib/journals/corr/abs-1811-01457},
  bibsource = {dblp computer science bibliography, https://dblp.org}
}

@manual{quanser,
    organization  = "Quanser",
    title         = "Linear Servo Base Unit with Inverted Pendulum",
    number        = "IP02",
    year          =  2013,
    note          = "Rev. 1.0"
}

@article{marsden1994introduction,
  title={Introduction to symmetry and mechanics},
  author={Marsden, Jerrold E and Ratiu, T},
  journal={Texts in Applied Mathematics},
  volume={17},
  year={1994},
  publisher={Springer Berlin}
}

@inproceedings{karaman2011anytime,
  title={Anytime motion planning using the RRT},
  author={Karaman, Sertac and Walter, Matthew R and Perez, Alejandro and Frazzoli, Emilio and Teller, Seth},
  booktitle={2011 IEEE International Conference on Robotics and Automation},
  pages={1478--1483},
  year={2011},
  organization={IEEE}
}

@book{choset2005principles,
  title={Principles of robot motion: theory, algorithms, and implementation},
  author={Choset, Howie M and Hutchinson, Seth and Lynch, Kevin M and Kantor, George and Burgard, Wolfram and Kavraki, Lydia E and Thrun, Sebastian and Arkin, Ronald C},
  year={2005},
  publisher={MIT press}
}


@article{spong2001nonlinear,
  title={Nonlinear control of the reaction wheel pendulum},
  author={Spong, Mark W and Corke, Peter and Lozano, Rogelio},
  journal={Automatica},
  volume={37},
  number={11},
  pages={1845--1851},
  year={2001},
  publisher={Elsevier}
}


@article{spong1995swing,
  title={The swing up control problem for the acrobot},
  author={Spong, Mark W},
  journal={IEEE control systems magazine},
  volume={15},
  number={1},
  pages={49--55},
  year={1995},
  publisher={IEEE}
}


@online{tedrake2020underactuated,
  author={Tedrake, Russ},
  title={Underactuated Robotics: Algorithms for Walking, Running, Swimming, Flying, and Manipulation (Course Notes for MIT 6.832)},
  year={2020},
  url={underactuated.mit.edu},
  urldate={2021-01-15}
}

@inproceedings{sirichotiyakul2019energetically,
  title={Energetically-optimal discrete and continuous stabilization of the rimless wheel with torso},
  author={Sirichotiyakul, Wankun and Satici, Aykut C and Sanchez, Eric S and Bhounsule, Pranav A},
  booktitle={2019 IDETC-CIE Conference},
  year={2019},
  organization={American Society of Mechanical Engineers (ASME) Digital Collection}
}


@article{DifferentialEquations.jl-2017,
 author = {Rackauckas, Christopher and Nie, Qing},
 doi = {10.5334/jors.151},
 journal = {The Journal of Open Research Software},
 keywords = {Applied Mathematics},
 number = {1},
 pages = {},
 title = {DifferentialEquations.jl – A Performant and Feature-Rich Ecosystem for Solving Differential Equations in Julia},
 volume = {5},
 year = {2017}
}

@inproceedings{choi1995sums,
  title={Sums of squares of real polynomials},
  author={Choi, Man-Duen and Lam, Tsit Yuen and Reznick, Bruce},
  booktitle={Proceedings of Symposia in Pure mathematics},
  volume={58},
  pages={103--126},
  year={1995},
  organization={American Mathematical Society}
}

@book{bertsekas2002introduction,
  title={Introduction to probability},
  author={Bertsekas, Dimitri P and Tsitsiklis, John N},
  volume={1},
  year={2002},
  publisher={Athena Scientific Belmont, MA}
}