@article{feddema1989vision,
  title={Vision-guided servoing with feature-based trajectory generation (for robots)},
  author={Feddema, John T and Mitchell, Owen Robert},
  journal={IEEE Transactions on Robotics and Automation},
  volume={5},
  number={5},
  pages={691--700},
  year={1989},
  publisher={IEEE}
}

@article{weiss1987dynamic,
  title={Dynamic sensor-based control of robots with visual feedback},
  author={Weiss, LEEE and Sanderson, ARTHURC and Neuman, CHARLESP},
  journal={IEEE Journal on Robotics and Automation},
  volume={3},
  number={5},
  pages={404--417},
  year={1987},
  publisher={IEEE}
}


@book{forsyth2002computer,
  title={Computer vision: a modern approach},
  author={Forsyth, David A and Ponce, Jean},
  year={2002},
  publisher={Prentice Hall Professional Technical Reference}
}


@book{ma2012invitation,
  title={An invitation to 3-d vision: from images to geometric models},
  author={Ma, Yi and Soatto, Stefano and Kosecka, Jana and Sastry, S Shankar},
  volume={26},
  year={2012},
  publisher={Springer Science \& Business Media}
}

@article{chaumette2006visual,
  title={Visual servo control. I. Basic approaches},
  author={Chaumette, Fran{\c{c}}ois and Hutchinson, Seth},
  journal={IEEE Robotics \& Automation Magazine},
  volume={13},
  number={4},
  pages={82--90},
  year={2006},
  publisher={IEEE}
}

@article{michel1993singularities,
  title={Singularities in the determination of the situation of a robot effector from the perspective view of 3 points},
  author={Michel, Henri and Rives, Patrick},
  year={1993}
}

@article{fischler1981random,
  title={Random sample consensus: a paradigm for model fitting with applications to image analysis and automated cartography},
  author={Fischler, Martin A and Bolles, Robert C},
  journal={Communications of the ACM},
  volume={24},
  number={6},
  pages={381--395},
  year={1981},
  publisher={ACM New York, NY, USA}
}

@article{wilson1996relative,
  title={Relative end-effector control using cartesian position based visual servoing},
  author={Wilson, William J and Hulls, CC Williams and Bell, Graham S},
  journal={IEEE Transactions on Robotics and Automation},
  volume={12},
  number={5},
  pages={684--696},
  year={1996},
  publisher={IEEE}
}

@inproceedings{thuilot2002position,
  title={Position based visual servoing: keeping the object in the field of vision},
  author={Thuilot, Benoit and Martinet, Philippe and Cordesses, Lionel and Gallice, Jean},
  booktitle={Proceedings 2002 IEEE International Conference on Robotics and Automation (Cat. No. 02CH37292)},
  volume={2},
  pages={1624--1629},
  year={2002},
  organization={IEEE}
}

@article{dementhon1995model,
  title={Model-based object pose in 25 lines of code},
  author={Dementhon, Daniel F and Davis, Larry S},
  journal={International journal of computer vision},
  volume={15},
  number={1-2},
  pages={123--141},
  year={1995},
  publisher={Springer}
}

@article{lowe1987three,
  title={Three-dimensional object recognition from single two-dimensional images},
  author={Lowe, David G},
  journal={Artificial intelligence},
  volume={31},
  number={3},
  pages={355--395},
  year={1987}
}

@article{malis19992,
  title={2 1/2 D visual servoing},
  author={Malis, Ezio and Chaumette, Francois and Boudet, Sylvie},
  journal={IEEE Transactions on Robotics and Automation},
  volume={15},
  number={2},
  pages={238--250},
  year={1999},
  publisher={IEEE}
}

