@book{bertsekas2002introduction,
  title={Introduction to probability},
  author={Bertsekas, Dimitri P and Tsitsiklis, John N},
  volume={1},
  year={2002},
  publisher={Athena Scientific Belmont, MA}
}