@book{bertsekas2002introduction,
  title={Introduction to probability},
  author={Bertsekas, Dimitri P and Tsitsiklis, John N},
  volume={1},
  year={2002},
  publisher={Athena Scientific Belmont, MA}
}

@book{morales2020grokking,
  title={Grokking Deep Reinforcement Learning},
  author={Morales, M.},
  isbn={9781617295454},
  year={2020},
  publisher={Manning Publications}
}